@inproceedings{
Booktitle = {OTM Conferences (2)},
Title = {DBpedia Live Extraction.},
Year = {2009},
Author = {Sebastian Hellmann and Claus Stadler and Jens Lehmann and Sören Auer}
}
@article{
Journal = {J. Web Sem.},
Title = {DBpedia - A crystallization point for the Web of Data.},
Year = {2009},
Author = {Christian Bizer and Jens Lehmann and Georgi Kobilarov and Sören Auer and Christian Becker and Richard Cyganiak and Sebastian Hellmann}
}
@inproceedings{
Booktitle = {OKCon},
Title = {Towards a Korean DBpedia and an Approach for Complementing the Korean Wikipedia based on DBpedia.},
Year = {2010},
Author = {Eun-Kyung Kim and Matthias Weidl and Key-Sun Choi and Sören Auer}
}
@inproceedings{
Booktitle = {ISWC/ASWC},
Title = {DBpedia: A Nucleus for a Web of Open Data.},
Year = {2007},
Author = {Sören Auer and Christian Bizer and Georgi Kobilarov and Jens Lehmann and Richard Cyganiak and Zachary G. Ives}
}
@inproceedings{
Booktitle = {SFSW},
Title = {Update Strategies for DBpedia Live.},
Year = {2010},
Author = {Claus Stadler and Michael Martin and Jens Lehmann and Sebastian Hellmann}
}
@inproceedings{
Booktitle = {K-CAP},
Title = {Multipedia: enriching DBpedia with multimedia information.},
Year = {2011},
Author = {Andrés García-Silva and Max Jakob and Pablo N. Mendes and Christian Bizer}
}
@article{
Journal = {J. Web Sem.},
Title = {Modelling provenance of DBpedia resources using Wikipedia contributions.},
Year = {2011},
Author = {Fabrizio Orlandi and Alexandre Passant}
}
@article{
Journal = {J. Web Sem.},
Title = {Exploring the Geospatial Semantic Web with DBpedia Mobile.},
Year = {2009},
Author = {Christian Becker and Christian Bizer}
}
@inproceedings{
Booktitle = {WWW},
Title = {INEX+DBPEDIA: a corpus for semantic search evaluation.},
Year = {2010},
Author = {José R. Pérez-Agüera and Javier Arroyo and Jane Greenberg and Joaquín Pérez-Iglesias and Víctor Fresno}
}
@inproceedings{
Booktitle = {ICWE},
Title = {Ranking the Linked Data: The Case of DBpedia.},
Year = {2010},
Author = {Roberto Mirizzi and Azzurra Ragone and Tommaso Di Noia and Eugenio Di Sciascio}
}
@inproceedings{
Booktitle = {International Semantic Web Conference (2)},
Title = {dbrec - Music Recommendations Using DBpedia.},
Year = {2010},
Author = {Alexandre Passant}
}
@inproceedings{
Booktitle = {EC-Web},
Title = {Semantic Tag Cloud Generation via DBpedia.},
Year = {2010},
Author = {Roberto Mirizzi and Azzurra Ragone and Tommaso Di Noia and Eugenio Di Sciascio}
}
@article{
Journal = {J. Web Sem.},
Title = {Mapping queries to the Linking Open Data cloud: A case study using DBpedia.},
Year = {2011},
Author = {Edgar Meij and Marc Bron and Laura Hollink and Bouke Huurnink and Maarten de Rijke}
}
@inproceedings{
Booktitle = {I-SEMANTICS},
Title = {DBpedia spotlight: shedding light on the web of documents.},
Year = {2011},
Author = {Pablo N. Mendes and Max Jakob and Andrés García-Silva and Christian Bizer}
}
@inproceedings{
Booktitle = {ICALT},
Title = {Semantic Linking of a Learning Object Repository to DBpedia.},
Year = {2011},
Author = {Manuel Lama and Juan Carlos Vidal and Estefanía Otero-García and Alberto Bugarín and Senén Barro}
}
@inproceedings{
Booktitle = {ICWE Workshops},
Title = {Semantic Wonder Cloud: Exploratory Search in DBpedia.},
Year = {2010},
Author = {Roberto Mirizzi and Azzurra Ragone and Tommaso Di Noia and Eugenio Di Sciascio}
}
@inproceedings{
Booktitle = {ESWC},
Title = {Media Meets Semantic Web - How the BBC Uses DBpedia and Linked Data to Make Connections.},
Year = {2009},
Author = {Georgi Kobilarov and Tom Scott and Yves Raimond and Silver Oliver and Chris Sizemore and Michael Smethurst and Christian Bizer and Robert Lee}
}
@inproceedings{
Booktitle = {CSSW},
Title = {Discovering Unknown Connections - the DBpedia Relationship Finder.},
Year = {2007},
Author = {Jens Lehmann and Jörg Schüppel and Sören Auer}
}
@inproceedings{
Booktitle = {Web Intelligence},
Title = {Discovering Relevant Topics Using DBPedia: Providing Non-obvious Recommendations.},
Year = {2011},
Author = {Milan Stankovic and Werner Breitfuss and Philippe Laublet}
}
@inproceedings{
Booktitle = {RSKT},
Title = {Clustering of Rough Set Related Documents with Use of Knowledge from DBpedia.},
Year = {2011},
Author = {Marcin S. Szczuka and Andrzej Janusz and Kamil Herba}
}
@inproceedings{
Booktitle = {Panhellenic Conference on Informatics},
Title = {A Framework for Visualizing the Web of Data: Combining DBpedia and Open APIs.},
Year = {2011},
Author = {Agis Papantoniou and Vassilis Loumos and Miltos Poulizos and Gregory Rigas}
}
@article{
Journal = {Interact. Techn. Smart Edu.},
Title = {WhoKnows? Evaluating linked data heuristics with a quiz that cleans up DBpedia.},
Year = {2011},
Author = {Jörg Waitelonis and Nadine Ludwig and Magnus Knuth and Harald Sack}
}
@inproceedings{
Booktitle = {JCDL},
Title = {FRBRPedia: a tool for FRBRizing web products and linking FRBR entities to DBpedia.},
Year = {2011},
Author = {Fabien Duchateau and Naimdjon Takhirov and Trond Aalberg}
}
@inproceedings{
Booktitle = {ICWE Workshops},
Title = {Slicing Linked Data by Extracting Significant, Self-describing Subsets: The DBpedia Case.},
Year = {2010},
Author = {Michele Minno and Davide Palmisano and Michele Mostarda}
}
@inproceedings{
Booktitle = {KES (3)},
Title = {Implementing an Image Search System with Integrating Social Tags and DBpedia.},
Year = {2010},
Author = {Chie Iijima and Makito Kimura and Takahira Yamaguchi}
}
@inproceedings{
Booktitle = {International Semantic Web Conference (1)},
Title = {DBpedia SPARQL Benchmark - Performance Assessment with Real Queries on Real Data.},
Year = {2011},
Author = {Mohamed Morsey and Jens Lehmann and Sören Auer and Axel-Cyrille Ngonga Ngomo}
}
@inproceedings{
Booktitle = {ESWC Workshops},
Title = {Generating Educational Assessment Items from Linked Open Data: The Case of DBpedia.},
Year = {2011},
Author = {Muriel Foulonneau}
}
@inproceedings{
Booktitle = {ICSC},
Title = {Google Knows Who is Famous Today - Building an Ontology from Search Engine Knowledge and DBpedia.},
Year = {2011},
Author = {Christopher Ochs and Tian Tian and James Geller and Soon Ae Chun}
}
@inproceedings{
Booktitle = {PODS},
Title = {From information to knowledge: harvesting entities and relationships from web sources.},
Year = {2010},
Author = {Gerhard Weikum and Martin Theobald}
}
@inproceedings{
Booktitle = {SIGMOD Conference},
Title = {Vispedia: on-demand data integration for interactive visualization and exploration.},
Year = {2009},
Author = {Bryan Chan and Justin Talbot and Leslie Wu and Nathan Sakunkoo and Mike Cammarano and Pat Hanrahan}
}
@article{
Journal = {J. Web Sem.},
Title = {SemaPlorer - Interactive semantic exploration of data and media based on a federated cloud infrastructure.},
Year = {2009},
Author = {Simon Schenk and Carsten Saathoff and Steffen Staab and Ansgar Scherp}
}
@article{
Journal = {J. Web Sem.},
Title = {Revyu: Linking reviews and ratings into the Web of Data.},
Year = {2008},
Author = {Tom Heath and Enrico Motta}
}
@inproceedings{
Booktitle = {International Semantic Web Conference},
Title = {Extracting Enterprise Vocabularies Using Linked Open Data.},
Year = {2009},
Author = {Julian Dolby and Achille Fokoue and Aditya Kalyanpur and Edith Schonberg and Kavitha Srinivas}
}
@inproceedings{
Booktitle = {International Semantic Web Conference},
Title = {Learning Semantic Query Suggestions.},
Year = {2009},
Author = {Edgar Meij and Marc Bron and Laura Hollink and Bouke Huurnink and Maarten de Rijke}
}
@inproceedings{
Booktitle = {WWW},
Title = {DSNotify: handling broken links in the web of data.},
Year = {2010},
Author = {Niko Popitsch and Bernhard Haslhofer}
}
@inproceedings{
Booktitle = {WWW},
Title = {Is there anything worth finding on the semantic web?},
Year = {2009},
Author = {Harry Halpin}
}
@inproceedings{
Booktitle = {International Semantic Web Conference},
Title = {Enrichment and Ranking of the YouTube Tag Space and Integration with the Linked Data Cloud.},
Year = {2009},
Author = {Smitashree Choudhury and John G. Breslin and Alexandre Passant}
}
@article{
Journal = {Data Knowl. Eng.},
Title = {Refining non-taxonomic relation labels with external structured data to support ontology learning.},
Year = {2010},
Author = {Albert Weichselbraun and Gerhard Wohlgenannt and Arno Scharl}
}
@inproceedings{
Booktitle = {SAC},
Title = {Dynamic linking and personalization on web.},
Year = {2010},
Author = {Melike Sah and Wendy Hall and David De Roure}
}
@inproceedings{
Booktitle = {DEXA Workshops},
Title = {Integrating Structural Data into Methods for Labeling Relations in Domain Ontologies.},
Year = {2009},
Author = {Gerhard Wohlgenannt and Albert Weichselbraun and Arno Scharl}
}
@article{
Journal = {IEEE Trans. Vis. Comput. Graph.},
Title = {Vispedia: Interactive Visual Exploration of Wikipedia Data via Search-Based Integration.},
Year = {2008},
Author = {Bryan Chan and Leslie Wu and Justin Talbot and Mike Cammarano and Pat Hanrahan}
}
@inproceedings{
Booktitle = {ICDE},
Title = {Efficient Indices Using Graph Partitioning in RDF Triple Stores.},
Year = {2009},
Author = {Ying Yan and Chen Wang and Aoying Zhou and Weining Qian and Li Ma and Yue Pan}
}
@inproceedings{
Booktitle = {CIKM},
Title = {Language-model-based ranking for queries on RDF-graphs.},
Year = {2009},
Author = {Shady Elbassuoni and Maya Ramanath and Ralf Schenkel and Marcin Sydow and Gerhard Weikum}
}
@inproceedings{
Booktitle = {SAMT},
Title = {RelFinder: Revealing Relationships in RDF Knowledge Bases.},
Year = {2009},
Author = {Philipp Heim and Sebastian Hellmann and Jens Lehmann and Steffen Lohmann and Timo Stegemann}
}
@inproceedings{
Booktitle = {WSDM},
Title = {Gathering and ranking photos of named entities with high precision, high recall, and diversity.},
Year = {2010},
Author = {Bilyana Taneva and Mouna Kacimi and Gerhard Weikum}
}
@inproceedings{
Booktitle = {Multimedia Information Retrieval},
Title = {Exploiting external knowledge to improve video retrieval.},
Year = {2010},
Author = {David Vallet and Iván Cantador and Joemon M. Jose}
}
@article{
Journal = {IEEE Intelligent Systems},
Title = {Learning to Tag and Tagging to Learn: A Case Study on Wikipedia.},
Year = {2008},
Author = {Peter Mika and Massimiliano Ciaramita and Hugo Zaragoza and Jordi Atserias}
}
@inproceedings{
Booktitle = {CIKM},
Title = {CE2: towards a large scale hybrid search engine with integrated ranking support.},
Year = {2008},
Author = {Haofen Wang and Thanh Tran and Chang Liu}
}
@inproceedings{
Booktitle = {ICWS},
Title = {RDF Data-Centric Storage.},
Year = {2009},
Author = {Justin J. Levandoski and Mohamed F. Mokbel}
}
@inproceedings{
Booktitle = {ESWC},
Title = {Integrating Open Sources and Relational Data with SPARQL.},
Year = {2008},
Author = {Orri Erling and Ivan Mikhailov}
}
@inproceedings{
Booktitle = {DILS},
Title = {Chemical Knowledge for the Semantic Web.},
Year = {2008},
Author = {Mykola Konyk and Alexander De Leon Battista and Michel Dumontier}
}
@inproceedings{
Booktitle = {WSDM},
Title = {Harvesting, searching, and ranking knowledge on the web: invited talk.},
Year = {2009},
Author = {Gerhard Weikum}
}
@inproceedings{
Booktitle = {ISWC/ASWC},
Title = {Revyu.com: A Reviewing and Rating Site for the Web of Data.},
Year = {2007},
Author = {Tom Heath and Enrico Motta}
}
@inproceedings{
Booktitle = {ICSC},
Title = {Utilizing Federated Knowledge in Semantic Web Applications.},
Year = {2008},
Author = {Jans Aasman}
}
