@article{auer2007dbpedia,
  title={Dbpedia: A nucleus for a web of open data},
  author={Auer, S. and Bizer, C. and Kobilarov, G. and Lehmann, J. and Cyganiak, R. and Ives, Z.},
  journal={The Semantic Web},
  pages={722--735},
  year={2007},
  publisher={Springer}
}
@article{bizer2009dbpedia,
  title={DBpedia-A crystallization point for the Web of Data},
  author={Bizer, C. and Lehmann, J. and Kobilarov, G. and Auer, S. and Becker, C. and Cyganiak, R. and Hellmann, S.},
  journal={Web Semantics: Science, Services and Agents on the World Wide Web},
  volume={7},
  number={3},
  pages={154--165},
  year={2009},
  publisher={Elsevier}
}
@Misc{wiki,
  OPTkey = 	 {},
  author = 	 {Travis Kriplean},
  title = 	 {Request to verify articles for Wikipedia literature review},
  howpublished = {http://lists.wikimedia.org/pipermail/wiki-research-l/2011-March/001366.html},
  OPTmonth = 	 {},
  year = 	 {2011},
  OPTnote = 	 {},
  OPTannote = 	 {}
}

